@Online{zhstar,
  author="西二闲画生",
  title="Chinese History and Politics Blog",
  year = {2018},
  date = {2018-02-01},
  url="https://blog.zhstar.win",
  keywords="chinese,history,politics",
}
@Online{stackexchange,
  author={The Mass},
  title={TeX Community},
  year = {2018},
  date = {2018-03-01},
  url={https://tex.stackexchange.com},
  keywords={tex},
}
@Online{tutorial,
  author = 	 {Anonymous},
  title = 	 {LaTeX Tutorial},
  year = {2018},
  date = 	 {2018-01-01},
  url = 	 {https://www.latex-tutorial.com/tutorials/},
}

